@string{OOPSLA = "Conference on Object-Oriented Programming Systems, Languages and Applications (OOPSLA)"}
@string{ECOOP  = {European Conference on Object-Oriented Programming (ECOOP)}}
@string{POPL  = {Symposium on Principles of Programming Languages (POPL)}}
@string{PACMPL = {Proc. ACM Program. Lang.}}

@article{oopsla21,
  author = {Aurele Barriere and Olivier Fl{\"{u}}ckiger and Sandrine
                  Blazy and David Pichardie and Jan Vitek},
  year = 2021,
  title = {Formally Verified Speculation and Deoptimization in a JIT
                  Compiler},
  journal = PACMPL,
  number = {{POPL}},
  volume = 5,
  doi = {}}

@inproceedings{dls20,
  author    = {Olivier Fl{\"{u}}ckiger and Sebasti{\'{a}}n Krynski,
                  Andreas W{\"{a}}lchli, and Jan Vitek},
  title     = {Sampling Optimized Code for Type Feedback},
  booktitle = {International Symposium on Dynamic Languages (DLS)},
  year      = {2020},
  doi       = {10.1145/3426422.3426984}}

@article{oopsla20a,
  author = {Julia Belyakova and Benjamin Chung and Jack Gelinas and
           Jameson Nash and Ross Tate and Jan Vitek },
  year = 2020,
  title = {World Age in Julia: Optimizing Method Dispatch in the
                  Presence of Eval},
  journal = PACMPL,
  number = {{OOPSLA}},
  volume = 4,
  doi = {10.1145/3428275}}

@article{oopsla20b,
  author = {Alexi Turcotte and Aviral Goel and Filip Krikava and Jan
                  Vitek},
  year = 2020,
  title = {Designing Types for R, Empirically},
  journal = PACMPL,
  number = {{OOPSLA}},
  volume = 4,
  doi = {10.1145/3428249}}

@article{oopsla20c,
  author = {Olivier Fl{\"{u}}ckiger and Guido Chair and Ming-Ho Yee
                  and Jan Jecmen and Jakob Hain and Jan Vitek},
  year = 2020,
  title = {Contextual Dispatch for Function Specialization},
  journal = PACMPL,
  number = {{OOPSLA}},
  volume = 4,
  doi = {10.1145/3428288}}

@inproceedings{ecoop19,
  author    = {Benjamin Chung and Francesco Zappa Nardelli and Jan
                  Vitek},
  title     = {Julia's Efficient Algorithm for Subtyping Unions and
                  Covariant Tuples},
  booktitle = ECOOP,
  year      = {2019},
  doi       = {10.4230/LIPIcs.ECOOP.2019.24}}

@article{toplas19a,
  author    = {Emery D. Berger and Celeste Hollenbeck and Petr Maj and
                  Olga Vitek and Jan Vitek},
  title     = {On the Impact of Programming Languages on Code Quality:
                  {A} Reproduction Study},
  journal   = {{ACM} Trans. Program. Lang. Syst.},
  volume    = {41},
  number    = {4},
  year      = {2019},
  doi       = {10.1145/3340571}}

@article{toplas19b,
  author    = {Leif Andersen and Vincent St{-}Amour and Jan Vitek and
                  Matthias Felleisen},
  title     = {Feature-Specific Profiling},
  journal   = {{ACM} Trans. Program. Lang. Syst.},
  volume    = {41},
  number    = {1},
  year      = {2019},
  doi       = {10.1145/3275519}}

@article{tecs19,
  author    = {Yin Yan and Girish Gokul and Karthik Dantu and Steven Y. Ko
                  and Lukasz Ziarek and Jan Vitek},
  title     = {Can Android Run on Time? Extending and Measuring the Android
                  Platform's Timeliness},
  journal   = {{ACM} Trans. Embedded Comput. Syst.},
  volume    = {17},
  number    = {6},
  year      = {2019},
  doi       = {10.1145/3289257}}

@article{oopsla19a,
  author    = {Filip Krikava and Heather Miller and Jan Vitek},
  title     = {Scala implicits are everywhere: a large-scale study of the
                  use of Scala implicits in the wild},
  journal   = {Proc. {ACM} Program. Lang.},
  volume    = {3},
  number    = {{OOPSLA}},
  year      = {2019},
  doi       = {10.1145/3360589}}

@article{oopsla19b,
  author    = {Aviral Goel and
               Jan Vitek},
  title     = {On the design, implementation, and use of laziness in {R}},
  journal   = {Proc. {ACM} Program. Lang.},
  volume    = {3},
  number    = {{OOPSLA}},
  year      = {2019},
  doi       = {10.1145/3360579}}

@article{jfp19,
  author    = {Ben Greenman and Asumu Takikawa and Max S. New and
                  Daniel Feltey and Robert Bruce Findler and Jan Vitek
                  and Matthias Felleisen},
  title     = {How to evaluate the performance of gradual type systems},
  journal   = {J. Funct. Program.},
  volume    = {29},
  year      = {2019},
  doi       = {10.1017/S0956796818000217}}


@article{jar19,
  author    = {Yannick Zakowski and David Cachera and Delphine Demange and
                  Gustavo Petri and David Pichardie and Suresh Jagannathan
                  and Jan Vitek},
  title     = {Verifying a Concurrent Garbage Collector with a
                  Rely-Guarantee Methodology},
  journal   = {J. Autom. Reasoning},
  volume    = {63},
  number    = {2},
  year      = {2019},
  doi       = {10.1007/s10817-018-9489-x}}

@inproceedings{dls19,
  author    = {Olivier Fl{\"{u}}ckiger and Guido Chari and Jan Jecmen and
                  Ming{-}Ho Yee and Jakob Hain and Jan Vitek},
  title     = {R melts brains: an {IR} for first-class environments
                  and lazy effectful arguments},
  booktitle = {International Symposium on Dynamic Languages (DLS)},
  year      = {2019},
  doi       = {10.1145/3359619.3359744}}


@article{oopsla18a,
  author = {Jeff Bezanson and Jiahao Chen and Ben Chung
    and  Stefan Karpinski and {Viral B.} Shah and Jan Vitek and
    Lionel Zoubritzky},
 year =  2018,
 title = "Julia: Dynamism and Performance Reconciled by Design",
 journal = PACMPL,
 number = {{OOPSLA}},
 volume  = 2,
 doi = {10.1145/3276490}}

@article{oopsla18b,
  author = {Francesco {Zappa Nardelli} and
            Julia Belyakova and  Artem Pelenitsyn
           and  Benjamin Chung and Jeff Bezanson and Jan Vitek},
 year =  2018,
 title = "Julia Subtyping: A Rational Reconstruction",
 journal = PACMPL,
 number = {{OOPSLA}},
 volume  = 2,
 doi = {10.1145/3276483}}


@article{popl18,
  author    = {Olivier Fl{\"{u}}ckiger and
               Gabriel Scherer and Ming{-}Ho Yee and
               Aviral Goel and Amal Ahmed and
               Jan Vitek},
  title     = {Correctness of speculative optimizations with
                dynamic deoptimization},
 journal = PACMPL,
 number    = {{POPL}},
  volume    = {2},
  year      = {2018},
  doi       = {10.1145/3158137}}

@inproceedings{ecoop18,
  author    = {Benjamin Chung and Paley Li and
               Francesco Zappa Nardelli and Jan Vitek},
  title     = {KafKa: Gradual Typing for Objects},
  booktitle = ECOOP,
  year      = {2018},
  doi       = {10.4230/LIPIcs.ECOOP.2018.12}}

@inproceedings{etaps18,
  author    = {Juliana Franco and Sylvan Clebsch and
               Sophia Drossopoulou and Jan Vitek and
               Tobias Wrigstad},
  title     = {Correctness of a Concurrent Object Collector for
                Actor Languages},
  booktitle = {European Symposium on Programming (ESOP)},
  year      = {2018},
  doi       = {10.1007/978-3-319-89884-1\_31}}

@inproceedings{issta18,
  author    = {Filip Krikava and  Jan Vitek},
  title     = {Tests from traces: automated unit test extraction
               for {R}},
  booktitle = {International Symposium on
               Software Testing and Analysis (ISSTA)},
  year      = {2018},
  doi       = {10.1145/3213846.3213863}}

%%%%%%%%%%%%% 17

@article{oopsla17b,
 author = "Sylvan Clebsch and Juliana Franco
          and  Sophia Drossopoulou and Albert Mingkun Yang
          and  Tobias Wrigstad and Jan Vitek",
 title = "Orca: {GC} and type system co-design for actor languages",
 year = 2017,
 journal = {Proc. ACM Program. Lang.},
 volume    = {1},
 number    = {{OOPSLA}},
 doi       = {10.1145/3133896}}

@article{oopsla17a,
  author = {Crista Lopes and  Petr Maj and Pedro Martins
           and  Di Yang and  Jakub Zitny and Hitesh Sajnani
           and Jan Vitek},
  title = {{D\'ej\`a  Vu}: A Map of Code Duplicates on {GitHub}},
 journal = {Proc. ACM Program. Lang.},
 number    = {{OOPSLA}},
 year = 2017,
  doi = {10.1145/3133908}}


@inproceedings{ecoop17,
  author    = {Todd A. Anderson and  Hai Liu and
               Lindsey Kuper and Ehsan Totoni and
               Jan Vitek and Tatiana Shpeisman},
  title     = {Parallelizing Julia with a Non-Invasive {DSL}},
  booktitle = ECOOP,
  year      = 2017,
  doi       = {10.4230/LIPIcs.ECOOP.2017.4},
}

@inproceedings{itp17,
  author = "Yannick Zakowski and David Cachera and
            Delphine Demange and  Gustavo Petri and
            David Pichardie and Suresh Jagannathan
            and Jan Vitek",
  title = "Verifying a Concurrent Garbage Collector
              Using a Rely-Guarantee Methodology",
   booktitle = {Interactive Theorem Proving  (ITP)},
  year      = {2017},
  doi       = {10.1007/978-3-319-66107-0\_31}}


@inproceedings{rtas17,
  author    = {Yin Yan and
               Karthik Dantu and
               Steven Y. Ko and
               Jan Vitek and
               Lukasz Ziarek},
  title     = {Making {Android} Run on Time},
  booktitle = {Real-Time and Embedded Technology and Applications Symposium (RTAS)},
  year      = {2017},
  doi       = {10.1109/RTAS.2017.38}}



%%%%%%%%%%%%%%%%%%%%%%%%%%%%%%%%%%%%%%%% 16

@inproceedings{popl16,
  author    = {Asumu Takikawa and
               Daniel Feltey and
               Ben Greenman and
               Max  New and
               Jan Vitek and
               Matthias Felleisen},
  title     = {Is sound gradual typing dead?},
  booktitle = POPL,
  year      = {2016},
  doi       = {10.1145/2837614.2837630},
}


@article{cacm15,
  author    = {Shriram Krishnamurthi and
               Jan Vitek},
  title     = {The real software crisis: repeatability as a core value},
  journal   = {Commun. {ACM}},
  volume    = {58},
  number    = {3},
  year      = {2015},
  url       = {http://doi.acm.org/10.1145/2658987},
  doi       = {10.1145/2658987},
}



@inproceedings{ecoop15,
 author     = "Gregor Richards and Francesco {Zappa Nardelli}
               and Jan Vitek",
 title      = "Concrete Types for {TypeScript}",
 booktitle  = ECOOP,
  year      = {2015},
  doi       = {10.4230/LIPIcs.ECOOP.2015.76},
}


@inproceedings{ecoop15b,
 author = "Gustavo Petri and Jan Vitek
           and Suresh Jagannathan",
 title = "Cooking the Books: Formalizing {JMM}
           Implementation Recipes",
 booktitle  = ECOOP,
 year = 2015,
 doi = {10.4230/LIPIcs.ECOOP.2015.445}}

@article{toplas14,
  author    = {Suresh Jagannathan and
               Vincent Laporte and
               Gustavo Petri and
               David Pichardie and
               Jan Vitek},
  title     = {Atomicity Refinement for Verified Compilation},
  journal   = {{ACM} Trans. Program. Lang. Syst.},
  volume    = {36},
  number    = {2},
  year      = {2014},
  url       = {http://doi.acm.org/10.1145/2601339},
  doi       = {10.1145/2601339},
}

@inproceedings{ismm14,
  author    = {David Terei and
               Alex Aiken and
               Jan Vitek},
  title     = {M\({}^{\mbox{3}}\): high-performance memory management
                  from off-the-shelf components},
  booktitle = {International Symposium on Memory Management (ISMM)},
  year      = {2014},
  doi       = {10.1145/2602988.2602995},
}



@inproceedings{vee14key,
  author    = {Jan Vitek},
  title     = {The case for the three {R}'s of systems research:
                  repeatability, reproducibility and rigor},
  booktitle = {Conference on Virtual Execution Environments (VEE)},
  year      = {2014},
  doi       = {10.1145/2576195.2576216},
}

@inproceedings{vee14,
   author    ="Toms Kalibera and Petr Maj and Floreal Morandat and Jan Vitek",
   title     ="A Fast Abstract Syntax Tree Interpreter for {R}",
   booktitle ="Conference on Virtual Execution Environments (VEE)",
   doi       ="10.1145/2576195.2576205",
   year      = 2014}

@inproceedings{icse13,
  author =      {Daniel Marino and Christian Hammer and  Julian Dolby
                 and  Mandana Vaziri and  Frank Tip and  Jan Vitek},
  title  =      {Detecting deadlock in programs with data-centric
                 synchronization},
  booktitle =   {International Conference on Software Engineering (ICSE)},
  year      =   2013,
  doi       =  {10.1109/ICSE.2013.6606578}
  }


@inproceedings{popl13,
  author    = {Delphine Demange and Vincent Laporte and Lei Zhao and Suresh
                  Jagannathan and David Pichardie and Jan Vitek},
  title     = {Plan B: a buffered memory model for Java},
  year      = {2013},
  doi       = {10.1145/2429069.2429110},
  booktitle  = POPL}

@inproceedings{oopsla13,
  title = "Flexible Access Control Policies with Delimited Histories and
                  Revocation",
  author = {Gregor Richards and Christian Hammer and Francesco {Zappa Nardelli}
            and Suresh Jagannathan and Jan Vitek},
  booktitle = {OOPSLA},
  year = {2013},
  doi = {10.1145/2509136.2509542}
  }

@inproceedings{pldi13,
  title =   {Terra: a multi-stage language for high-performance computing},
  authors = {Zachary DeVito and James Hegarty and
             Jan Vitek and Alex Aiken and Pat Hanrahan},
  booktitle = "Proceedings of the ACM Programming Language Design
             and Implementation Conference (PLDI)",
  mon = jun,
  year = {2013},
  doi={10.1145/2499370.2462166}
  }

@Article{dagstuhl12,
  author =	{Robert Hirschfeld and Shriram Krishnamurthi and Jan
                  Vitek},
  title =	"Foundations for Scripting Languages (Dagstuhl Seminar
                  12011)",
  journal =	{Dagstuhl Reports},
  ISSN =	{2192-5283},
  year =	{2012},
  volume =	{2},
  number =	{1},
  editor =	{Robert Hirschfeld and Shriram Krishnamurthi and Jan
                  Vitek},
  publisher =	{Schloss Dagstuhl--Leibniz-Zentrum fuer Informatik},
  doi =		{10.4230/DagRep.2.1.1},
}

@inproceedings{ecoop12,
author = {Morandat, Flor{\'e}al and Hill, Brandon and Osvald, Leo and
                  Vitek, Jan},
 title = {Evaluating the Design of the R Language: Objects and
                  Functions for Data Analysis},
 booktitle = ECOOP,
 year = {2012},
 doi = {10.1007/978-3-642-31057-7_6}}

@inproceedings{user12,
  title = "TraceR: A framework for understanding R performance",
  author = "Ryan Macnak and Flor\'eal Morandat and Brandon Hill and
                  Leo Osvald and Jan Vitek",
  booktitle = "International R Users Meeting (UseR!)",
  year = {2012},
  doi= {10.1145/3318464.3389720}}

@incollection{wellings12,
  booktitle = {Distributed, Embedded and Real-time Java Systems},
  year = {2012},
  author = "Daniel Tang and Ales Plsek and Jan Vitek",
  title = "Memory Safety for Safety Critical Java",
  url = {https://www.springer.com/gp/book/9781441981578}}

@incollection{breitman12,
  booktitle = "Patterns, Programming and Everything",
  title = "Atomicity in Real-time Computing",
  author = "Jan Vitek",
  year = 2012,
  doi = {10.1007/978-1-4471-2350-7_10}}

@proceedings{LCTES11,
  editor    = {Jan Vitek and Bjorn De Sutter},
  title     = {Conference on Languages, compilers, and tools for
                  embedded systems (LCTES)},
  year      = {2011},
  doi = {10.1145/1967677}}

@inproceedings{dac11,
  author    = {Jan Vitek},
  title     = {Virtualizing real-time embedded systems with Java},
  year      = {2011},
  doi       = {10.1145/2024724.2024926},
  booktitle = {Proceedings of the  Design Automation Conference (DAC)}}

@inproceedings{tools11,
  author    = {Ana Milanova and
               Jan Vitek},
  title     = {Static Dominance Inference},
  year      = {2011},
  doi       = {10.1007/978-3-642-21952-8_16},
  booktitle = {International Conference on Objects,
                Models, Components, Patterns  (TOOLS)}}

@inproceedings{emsoft11,
  author    = {Jan Vitek and
               Tomas Kalibera},
  title     = {Repeatability, reproducibility, and rigor in systems
                  research},
  booktitle = {EMSOFT},
  year      = {2011},
  doi       = {10.1145/2038642.2038650},
  booktitle = {Conference on Embedded Software (EMSOFT)}}

@article{tocs11,
  author    = {Tomas Kalibera and Filip Pizlo and Antony L. Hosking
                  and Jan Vitek},
  title     = {Scheduling real-time garbage collection on uniprocessors},
  journal   = {ACM Trans. Comput. Syst.},
  volume    = {29},
  number    = {3},
  year      = {2011},
  doi       = {10.1145/2003690.2003692}}

@inproceedings{oopsla12b,
  author    = {Fadi Meawad and Gregor Richards and Flor{\'{e}}al
                  Morandat and Jan Vitek},
  title     = {"Eval begone!: semi-automated removal of eval from
                  JavaScript programs"},
  booktitle = OOPSLA,
  year      = {2012},
  doi       = {10.1145/2384616.2384660}}


@inproceedings{oopsla11,
  title = "Automated Construction of {JavaScript} Benchmarks",
  author = "Gregor Richards and Andreas Gal and Brendan Eich and Jan
                  Vitek",
  year = 2011,
  booktitle = OOPSLA,
  doi       = {10.1145/2048066.2048119}}

@inproceedings{ecoop11,
  title = "The Eval that Men Do: A Large-scale Study of the Use of
                  Eval in {JavaScript} Applications",
  author = "Gregor Richards and Christian Hammer and Brian Burg and
                  Jan Vitek",
  year = 2011,
  booktitle = ECOOP,
  doi       = {10.1007/978-3-642-22655-7_4} }


@inproceedings{ecoop10,
  author    = {Mandana Vaziri and Frank Tip and Julian Dolby and
                  Christian Hammer and Jan Vitek},
  title     = {A Type System for Data-Centric Synchronization},
  booktitle = ECOOP,
  year      = {2010},
  doi       = {10.1007/978-3-642-14107-2_15}}

@inproceedings{sac10,
  author = {Martin Schoeberl and Florian Brandner and Jan Vitek},
  title = {RTTM: Real-Time Transactional Memory},
  booktitle = {Symposium on Applied Computing (SAC)},
  year = {2010},
  doi = {10.1145/1774088.1774158}}


@article {CPE10,
author = {Kalibera, Tomas and Hagelberg, Jeff and Maj, Petr and Pizlo,
                  Filip and Titzer, Ben and Vitek, Jan},
title = {A family of real-time Java benchmarks},
journal = {Concurrency and Computation: Practice and Experience},
doi = {10.1002/cpe.1677},
volume = 23,
issue = 14,
year = 2011}

@InProceedings{jtres10a,
    title = "Developing {Safety Critical Java} applications with
                  {oSCJ/L0}",
    author = "Ales Plsek and Lei Zhao and {Veysel H.} Sahin and Daniel
                  Tang and Tomas Kalibera and Jan Vitek",
    year = 2010,
    booktitle = {International Workshop on Java Technologies for
                  Real-time and Embedded Systems (JTRES)},
    doi = {10.1145/1850771.1850786}}

@InProceedings{jtres10b,
    title = "Static Checking of Safety Critical {Java} Annotations",
    author = "Daniel Tang and Ales Plsek and Jan Vitek",
    year = 2010,
    booktitle = {International Workshop on Java Technologies for
                  Real-time and Embedded Systems (JTRES)},
    doi = {10.1145/1850771.1850792}}

@inproceedings{popl10,
  author    = {Tobias Wrigstad and Francesco Zappa Nardelli and
                  Sylvain Lebresne and Johan {\"O}stlund and Jan
                  Vitek},
  title     = {Integrating typed and untyped code in a scripting language},
  year      = 2010,
  doi       = {10.1145/1706299.1706343},
  booktitle = POPL}

@inproceedings{plpv10,
  author    = {Tom{\'a}s Kalibera and Pavel Parizek and Ghaith Haddad
                  and Gary T. Leavens and Jan Vitek},
  title     = {Challenge benchmarks for verification of real-time
                  programs},
  year      = 2010,
  booktitle     = {Programming Languages meets Program Verification
                  Workshop (PLPV)},
  doi = {10.1145/1707790.1707800}}

@InProceedings{eurosys10,
  title = "High-level Programming of Embedded Hard Real-Time Devices",
  author = "Filip Pizlo and Lukasz Ziarek and Ethan Blanton
            and Petr Maj and Jan Vitek",
  year = 2010,
  month = apr,
  booktitle = "EuroSys Conference",
  doi = {10.1145/1755913.1755922}}

@InProceedings{pldi10a,
  author = "Gregor Richards and Sylvain Lesbrene and Brian Burg and
                  Jan Vitek",
  title = "An Analysis of the Dynamic Behavior of {JavaScript}
                  Programs",
 booktitle = "Proceedings of the ACM Programming Language Design
             and Implementation Conference (PLDI)",
  year  = 2010,
  doi = {10.1145/1809028.1806598}}

@InProceedings{pldi10b,
  author = "Filip Pizlo and Ethan Blanton and Anthony Hosking
            and Petr Maj and Jan Vitek and Lukas Ziarek",
  title = "SCHISM: Fragmentation-Tolerant Real-Time Garbage Collection",
 booktitle = "Proceedings of the ACM Programming Language Design and
                  Implementation Conference (PLDI)",
  year  = 2010,
  doi = {10.1145/1806596.1806615}}

@InProceedings{rtss09,
  author = "Tomas Kalibera and Filip Pizlo and {Antony L.} Hosking and
            Jan Vitek",
  title  = "Scheduling Hard Real-time Garbage Collection",
  booktitle = "Proceedings of the IEEE Real-Time Systems Symposium
                  (RTSS)",
  year = 2009,
  doi = {10.1109/RTSS.2009.40}}


@InProceedings{ecoop09intro,
  title = "Introduction to: The Myths of Object-Orientation",
  author = "Jan Vitek",
  booktitle = ECOOP,
   year  = 2009,
   doi = {10.1007/978-3-642-03013-0_28} }


@Article{tces09,
   title = "Reflexes: Abstractions for Integrating Highly
            Responsive Tasks into {Java} Applications",
   author = "Jesper Honig Spring and Filip Pizlo and Jean Privat and
             Rachid Guerraoui and Jan Vitek",
  journal  = {ACM Transactions in Embedded Computing Systems (TECS)},
  year = 2009,
  doi = {10.1145/1814539.1814543}}

@InProceedings{jtresCD,
    title = "CDx: A Family of Real-time {Java} Benchmarks",
    author = "Tomas Kalibera and Jeff Hagelberg and Filip Pizlo and
                  Ales Plsek and Ben Titzer and, Jan Vitek",
   booktitle = "International Workshop on Java Technologies for
                  Real-time and Embedded Systems (JTRES)",
   year = 2009,
   doi = {10.1145/1620405.1620412}}

@InProceedings{jtresTCK,
    title = "A Technology Compatibility Kit for Safety Critical {Java}",
    author = "Lei Zhao and Daniel Tang  and Jan Vitek",
   booktitle = "International Workshop on Java Technologies for
                  Real-time and Embedded Systems (JTRES)",
   year = 2009,
   doi = {10.1145/1620405.1620428}}

@InProceedings{jtresFVM,
    title = "Towards {Java} on Bare Metal with the {Fiji VM}" ,
    author = "Filip Pizlo and  Lukasz Ziarek and Jan Vitek",
   booktitle = "International Workshop on Java Technologies for
                  Real-time and Embedded Systems (JTRES)",
   year = 2009,
   doi = {10.1145/1620405.1620421}}


@InProceedings{stopHard,
    title = "Software Hardening: A Research Agenda",
    author = "Tobias Wrigstad and Patrick Eugster and John Field and
              Nate Nystrom and Jan Vitek",
    booktitle = "International Workshop on Script to Program Evolution
                  (STOP)",
    year = 2009,
    doi = {10.1145/1570506.1570513}}

@InProceedings{stopJS,
    title = "Understanding the Dynamics of JavaScript",
    author= {Sylvain Lebresne and Gregor Richards and Johan \"Ostlund
                  and Tobias Wrigstad and Jan Vitek},
    booktitle = "International Workshop on Script to Program Evolution
                  (STOP)",
    year = 2009,
    doi = {10.1145/1570506.1570510}}

@InProceedings{oopsla09,
  title = "Thorn: Robust, Concurrent, Extensible Scripting on the {JVM}",
  author = {Bard Bloom and John Field and Nathaniel Nystrom and Johan
                  \"Ostlund and Gregor Richards and Rok Strnisa and
                  Jan Vitek and Tobias Wrigstad},
   booktitle = OOPSLA,
   doi       = {10.1145/1639950.1640016},
   year = 2009}

@InProceedings{safecert09,
  author = "Thomas Henties and James Hunt and Doug Locke and Kelvin Nilsen
            and  Martin Schoeberl and Jan Vitek",
   title = "{Java} for Safety-Critical Applications",
   booktitle = "Certification of Safety-Critical Software Controlled
                Systems (SafeCert)",
    year = 2009,
   url = {https://www.jopdesign.com/doc/safecert2009.pdf}}

@Article{cpe09,
  author = "Jason Baker and Antonio Cunei and Tomas Kabilera and Filip
                  Pizlo and Jan Vitek",
  title = "Accurate Garbage Collection in Uncooperative Environments
                  Revisited",
  journal = "Concurrency and Computation: Practice and Experience",
  year = 2009,
  doi = {10.5555/1572724.1572727}}

@InProceedings{dasia09,
  author = "Tomas Kalibera and Marek Prochazka and Filip Pizlo and Jan
                  Vitek and Marco Zulianello and Martin Decky",
  title  = "Real-time {Java} in Space: Potential Benefits and Open
                  Challenges",
  booktitle = "Proceedings of DAta Systems In Aerospace (DASIA)",
  year = 2009,
  url = {http://www.cs.kent.ac.uk/pubs/2009/3139}}

@InProceedings{coord09,
   author = "Antonio Cunei and Rachid Guerraoui
           and Jesper Honig Spring and  Jean Privat
           and Jan Vitek",
   title = "High-Performance Transactional Event Processing",
   booktitle = "International Conference on Coordination Models and
                  Languages (COORDINATION)",
   year =  2009,
   doi = {10.1007/978-3-642-02053-7_2}}

@inproceedings{ecoop09,
  author = "Tobias Wrigstad and  Filip Pizlo and Fadi Meawad
            and  Lei Zhao and Jan Vitek",
   title = "Loci: Simple Thread-Locality for {Java}",
   booktitle = ECOOP,
   year  = 2009,
   doi = {10.1007/978-3-642-03013-0_21}}

@inproceedings{lctes08,
  author    = {Joshua S. Auerbach and David F. Bacon and Rachid
                  Guerraoui and Jesper Honig Spring and Jan Vitek},
  title     = {Flexible task graphs: a unified restricted thread
                  programming model for {Java}},
  year      = {2008},
  booktitle     = {Conference on Languages, Compilers, and Tools for
                  Embedded Systems (LCTES)},
  doi = {10.1145/1379023.1375659}}

@proceedings{ECOOP08,
  editor    = {Jan Vitek},
  title     = {Proceedings of the 22nd European Conference On Object
                  Oriented Programming, Paphos, Cyprus},
  month     =  {July},
  publisher = {Springer},
  series    = {Lecture Notes in Computer Science},
  volume    = {5142},
  year      = {2008},
  url = {https://www.springer.com/gp/book/9783540705918}}


@InProceedings{pizlo08,
 author = "Filip Pizlo  and Jan Vitek",
 title  = "Memory Management for Real-time Java: State of the Art",
 booktitle = "Proceedings of the IEEE International Symposium on
             Object-oriented Real-Time Distributed Computing (ISORC)",
 year =  2008,
 doi = {10.1109/ISORC.2008.40}}

@article{scp08,
  author    = {Tian Zhao and Jason Baker and James Hunt and James
                  Noble and Jan Vitek},
  title     = {Implicit ownership types for memory management},
  journal   = {Science of Computer Programming},
  volume    = {71},
  number    = {3},
  year      = {2008},
  doi       = {10.1016/j.scico.2008.04.001}}

@inproceedings{padl08,
  author    = {Martin Hirzel and Nathaniel Nystrom and Bard Bloom and
                  Jan Vitek},
  title     = {Matchete: Paths through the Pattern Matching Jungle},
  year      = {2008},
  booktitle = {International Symposium on Practical Aspects of
                  Declarative Languages (PADL)},
  url = {http://ranger.uta.edu/~nystrom/papers/padl08-matchete.pdf} }

@InProceedings{jtres07,
   author = "Martin Schoeberl and Jan Vitek",
   title = "Garbage Collection for Safety Critical {Java}",
   booktitle = "International Workshop on Java Technologies for
                  Real-time and Embedded Systems (JTRES)",
   year = 2007,
   doi = {10.1145/1288940.1288953}}

@article{rsj07,
 author  = "Chris Andreae and Yvonne Coady and Celina Gibbs
            and James Noble and Jan Vitek and Tian Zhao",
 title   = "Scoped Types and Aspects for Real-time {J}ava Memory
                  Management",
 journal = "Realtime Systems Journal",
 volume = 37,
  number = 1,
 month = oct,
 year    = 2007,
 doi = {10.1007/s11241-007-9024-3}}

@inproceedings{oopsla07,
   title     = "{StreamFlex}: High-throughput Stream Programming in
                  {Java}",
   author    = "Jesper H. Spring and Jean Privat and Rachid Guerraoui
                  and Jan Vitek",
  booktitle = OOPSLA,
  year       = 2007,
  doi = {10.1145/1297105.1297043}}

@article{spe07,
  author  = "Antonio Cunei and Jan Vitek",
  title   = "An Efficient and Flexible Toolkit for Composing
                  Customized Method Dispatchers",
  volume  = 38,
  number  =  1,
  journal = "Software--Practice \& Experience",
  year    = 2008,
  doi = {10.5555/1330391.1330393}}

@inproceedings{lctes07,
  author = "Filip Pizlo and {Athony L.} Hosking and Jan Vitek",
  title  = "Hierarchical Real-time Garbage Collection",
  year   = 2007,
  booktitle = "Conference on Languages, Compilers, and Tools for
                  Embedded Systems (LCTES)",
  doi    = {10.1145/1254766.1254784}}

@inproceedings{vee07,
  author = "{Jesper Honig} Spring and Filip Pizlo and
            Rachid Guerraoui and  Jan Vitek",
  title = "Reflexes: Abstractions for Highly Responsive Systems",
  year = 2007,
  booktitle = {International Conference on Virtual Execution
                  Environments (VEE)},
  doi = {10.1145/1254810.1254837}}

@inproceedings{cc07,
  author = "Jason Baker and Antonio Cunei and Filip Pizlo and Jan
                  Vitek",
  title = "Accurate Garbage Collection in Uncooperative Environments
                  with Lazy Pointer Stacks",
  booktitle = "International Conference on Compiler Construction (CC)",
  year = 2007,
  doi = {10.1007/978-3-540-71229-9_5}}

@inproceedings{eurosys07,
   author = "Michal Kalpka and Rachid Guerraoui and Jan Vitek",
   title = "STMBench7: A Benchmark for Software Transactional Memory",
   booktitle = "EuroSys Conference",
   year = 2007,
   doi = {10.1145/1272998.1273029}}

@inproceedings{dsal06,
   author = "Yvonne Coady and Celina Gibbs and Michael Haupt and Jan
                  Vitek and Hiroshi Yamauchi",
   title = "Towards a domain specific language for virtual machines",
   booktitle = "First Domain-Specific Aspect Languages Workshop",
   year = 2006,
   url = {https://dsal.dcc.uchile.cl/2006/_Media/coady.pdf}}

@inproceedings{rtss:06,
   author = "Filip Pizlo and Jan Vitek",
   title = "An Empirical Evalutation of Memory Management Alternatives
                  for {R}eal-time {J}ava",
   booktitle = "Real-Time Systems Symposium (RTSS)",
   year = {2006},
   doi = {10.1109/RTSS.2006.9}}

@article{tecs:06,
    author = "Austin Armbuster and Jason Baker and Antonio Cunei and
                  David Holmes and Chapman Flack and Filip Pizlo and
                  Edward Pla and Marek Prochazka and Jan Vitek",
    title="A {R}eal-time {J}ava Virtual Machine with Applications in
                  Avionics",
    journal  = {ACM Transactions in Embedded Computing Systems (TECS)},
    volume = 7,
    number = 1,
    year      = {2007},
    doi = {10.1145/1324969.1324974}}

@article{jbnmr:06,
    author = "Olga Vitek and Bruce Craig and Chris Bailey-Kellog and
                  Jan Vitek",
    title = "Inferential backbone assignment for sparse data",
    journal = "Journal of Biomolecular NMR",
   year = "2006",
   doi = {10.1007/s10858-006-9027-8}}

@InProceedings{aplas06,
 author =   "Hiroshi Yamauchi and Jan Vitek",
 title =     "Combining Offline and Online Optimizations: Register
                  Allocation and Method Inlining",
 booktitle     = "ASIAN Symposium on Programming Languages and Systems
                  (APLAS)",
  year      = {2006},
  doi = {10.1007/11924661_19}}

@InProceedings{ecoop06,
 author =   "Chris Andreae and Yvonne Coady and Celina Gibbs and James
                  Noble and Jan Vitek and Tian Zhao",
 title =     "{Scoped Types and Aspects for Real-Time {Java}}",
 booktitle     = ECOOP,
  year      = {2006},
  doi = {10.1007/11785477_7}}


@article{toplas:06,
  author = "Christian Grothoff and Jens Palsberg and Jan Vitek",
  title = "Encapsulating Objects with Confined Types",
  journal = "Transactions on Programming Languages and Systems",
 volume = {29},
 number = {6},
 year = 2007,
  doi = {10.1145/1286821.1286823}}

@article{jfp:06,
  author = "Tian Zhao and Jens Palsberg and Jan Vitek",
  title = "Type-based Confinement",
  journal = "Journal of Functional Programming",
  volume = 16,
  number = 1,
  year = 2006,
  doi = {10.1017/S0956796805005691}}

@inproceedings{vee06,
  author    = {Antonio Cunei and  Jan Vitek},
  title     = {A new approach to real-time checkpointing.},
  year      = {2006},
  booktitle = {International Conference on
                  Virtual Execution Environments (VEE)},
  doi = {10.1145/1134760.1134771}}


@inproceedings{rtas:06,
    author = "Jason Baker and Antonio Cunei and Chapman Flack and
                  Filip Pizlo and Marek Prochazka and Jan Vitek and
                  Austin Armbuster and Edward Pla and David Holmes",
    title = "A Real-time {J}ava Virtual Machine for Avionics",
    booktitle  = {Real-Time and Embedded Technology and Applications
                  Symposium (RTAS)},
  year      = {2006},
  doi = {10.1109/RTAS.2006.7}}

@article{tosn:06,
   author = "Bogdan C\u{a}rbunar and Ananth Grama and Jan Vitek and
                  Octavian C\u{a}rbunar",
   title = {Redundancy and Coverage Detection in Sensor Networks},
   journal = "ACM Transaction on Sensor Networks",
   year = 2006,
   doi = {10.1145/1138127.1138131}}

@inproceedings{rajeevSV05,
  author    = {Rajeev Gopalakrishna and Eugene H. Spafford and Jan
                  Vitek},
  title     = {Efficient Intrusion Detection using Automaton Inlining.},
  booktitle = {Symposium on Security and Privacy},
  year      = {2005},
  doi       = {10.1109/SP.2005.1}}

@inproceedings{rtss:2005,
  author = "Jeremy Manson and Jason Baker and Antonio Cunei and Suresh
                  Jagannathan and Marek Prochazka and Bin Xin and Jan
                  Vitek",
  title = "Preemptible Atomic Regions for Real-time {Java}",
  booktitle     = {Real-Time Systems Symposium (RTSS)},
  year      = {2005},
  doi = {10.1109/RTSS.2005.34}}


@article{tfj:05,
    author = "Suresh Jagannathan and Jan Vitek and Adam Welc and
                  Antony Hosking",
    title  = "A Transactional  Object Calculus",
  journal   = {Science of  Computer Programming},
  volume    = {57},
  number    = {2},
  doi  = "10.1016/j.scico.2005.03.001",
    year =  2005}

@article{seal:05,
   author = "Guiseppe Castagna and Jan Vitek and Franseco Zappa Nardeli",
   title = "The Seal calculus",
   journal = "Information and Computation",
   volume = 201,
   number = 1,
   doi = "10.1016/j.ic.2004.11.005",
   year = 2005}

@article{BioInf:05,
   author = "Olga Vitek and Chris Bailey-Kellogg and Bruce Craig and
                  Paul Kuliniewicz and Jan Vitek",
   title  = "Reconsidering complete search algorithms for protein
                  backbone {NMR} assignment",
   journal= "Bioinformatics",
   year   = 2005,
   volume = 21,
   url    = "http://bioinformatics.oxfordjournals.org/cgi/reprint/21/suppl_2/ii230?maxtoshow=&HITS=10&hits=10&RESULTFORMAT=1&author1=vitek&andorexacttitle=and&andorexacttitleabs=and&andorexactfulltext=and&searchid=1136205464886_890&FIRSTINDEX=0&sortspec=date&journalcode=bioinfo"}

@proceedings{vee:05,
 title = {VEE '05: Proceedings of the 1st ACM/USENIX international
                  conference on Virtual execution environments},
 year = {2005},
 location = {Chicago, IL, USA},
 publisher = {ACM Press},
  editor  = "Jan Vitek and Micheal Hind",
  doi = {10.1145/1064979}}


@inproceedings{Cunei:2005:PFD,
  author =	"Antonio Cunei and Jan Vitek",
  title =	"{PolyD}: a flexible dispatching framework",
  booktitle =   OOPSLA,
  year = 	"2005",
  doi = {10.1145/1103845.1094849}}

@article{scool04,
   author = "Mark Moir and Nir Shavit and Jan Vitek",
   journal = "Science of Computer Programming",
   volume = 58,
   number =3,
   year = 2005,
   doi = "10.1016/j.ic.2004.11.005",
   title = "Special Issue on Concurrency and synchonization in {J}ava
                  programs"}

@article{ovmir:05,
  author  = "Krzysztof Palacz and Jason Baker and Chapman Flack and
                  Christian Grothoff and Hiroshi Yamauchi and Jan
                  Vitek",
  title  = "Engineering a common intermediate representation for the
                  {Ovm} framework",
  journal= "The Science of Computer Programming",
  volume = 57,
  number = 3,
  doi = "10.1016/j.scico.2004.08.007",
  year   =  2005}

@inproceedings{zhao:04,
      author = "Tian Zhao and James Noble and Jan Vitek",
      title = "Scoped Types for Real-time {Java}",
      booktitle = "Real-Time Systems Symposium (RTSS)",
      year = 2004,
      doi = {10.5555/1038265}}

@InProceedings{welc04,
 author   = "Jan Vitek and Suresh Jagannathan and Adam Welc and
                  {Antony L.} Hosking",
 title    = "A semantic framework for designer transactions",
 booktitle= "European Symposium on Programming (ESOP)",
 year     = 2004,
 doi = {10.1007/978-3-540-24725-8_18}}

@Book{warfighter,
 author = "J.M. Bradshaw and G. Boy and E. Durfee and M. Gruninger and
                  H. Hexmoor and N. Suri and M. Tambe and M. Uschold
                  and J. Vitek",
 title =   "Software Agents for the Warfighter",
 publisher = "AAAI Press",
 address = "Menlo Park, California",
 year =   "2004",
 Doi = {10.13140/RG.2.1.2092.9366}}

@inproceedings{sureshJan04,
 author   = "Suresh Jagannathan and Jan Vitek",
 title    = "Optimistic concurrency semantics for transactions in
                  coordination languages",
 booktitle= "International Conference on Coordination Models and
                  Languages (COORDINATION)",
 year     = 2004,
 doi = {10.1007/978-3-540-24634-3_15}}

@InProceedings{pizlo04,
 author = "Filip Pizlo and Jason Fox and David Holmes and Jan Vitek",
 title  = "Real-Time {J}ava scoped memory: design patterns and
                  semantics",
 booktitle = "International Symposium on Object-oriented Real-Time
                  Distributed Computing (ISORC)",
 year =  2004,
 doi = {10.1109/ISORC.2004.1300335}}

@article{olga:04,
   author = "Olga Vitek and Jan Vitek and Bruce Craig and Chris
                  Bailey-Kellogg",
    title = "Model-based assignment and inference of protein backbone
                  nuclear magnetic resonances",
   journal = "Statistical Applications in Genetics and
              Molecular Biology",
   publisher = "Berkeley Electronic Press",
   volume = 1,
   issue = 1,
   year = 2004,
   doi = {10.2202/1544-6115.1037}}

@InProceedings{marekFilip04,
 author   = "Suresh Jagannathan and Marek Prochazka and
             Filip Pizlo and Jan Vitek",
 title    = "Transactional Lock-Free Objects for Real-time {Java}",
 booktitle= "Workshop on Synchronization and  Currency in {Java}
             Programs (CSJP)",
 year     = 2004,
 doi = {10.1.1.19.8113}}

@inproceedings{secon:04,
   author = "Bogdan C\u{a}rbunar and Ananth Grama and Jan Vitek and
                  Octavian C\u{a}rbunar",
   title = {Redundancy and Coverage Detection in Sensor Networks},
   booktitle = "First IEEE International conference on Sensor and Ad
                  Hoc Communications and Networks",
   year = 2004,
   doi = {10.1145/1138127.1138131}}

@Article{lime04,
 author   = "Bogdan C\u{a}rbunar and {M. T.} Valente and Jan Vitek",
 title    = "Coordination and mobility in CoreLime",
 journal  = "Mathematical Structures in Computer Science",
 number = 3,
 volume = 14,
 year = 2004,
 doi = {10.1017/S0960129504004177} }


@InProceedings{conf/icpads/CarbunarGV04,
  title =	"Distributed and Dynamic Voronoi Overlays for Coverage
                  Detection and Distributed Hash Tables in Ad-Hoc
                  Networks",
  author =	"Bogdan C\u{a}rbunar and Ananth Grama and Jan Vitek",
  year = 	"2004",
  booktitle =	"International Conference on Parallel an Distributed
                  Systems (ICPADS)",
  doi = 	"10.1109/ICPADS.2004.34"}

@InProceedings{chotia04,
  author = "Tom Chothia and Dominic Duggan and Jan Vitek",
  title  = "Principals, Policies and Keys in a Secure Distributed
            Programming Language",
  booktitle = "Foundations of Computer Security (FCS)",
  year = 2004
}

@InProceedings{vitek.zhao:03,
 author   = "Tian Zhao and Jens Palsberg and Jan Vitek",
 title    = "Lightweight Confinement for Featherweight {Java}",
 booktitle = OOPSLA,
 year =       {2003},
 doi = {10.1145/949343.949318}}

@InProceedings{vitek.palacz:03,
  author =    "Krzysztof Palacz  and Jan Vitek",
  title =     "{Java} Subtype Tests in Real-Time",
  booktitle  = ECOOP,
  year      = {2003},
  doi = {10.1007/978-3-540-45070-2_17}}

@InProceedings{ovmir03,
  author    = "Krzysztof Palacz and Jason Baker and Chapman Flack and
                  Christian Grothoff and Hiroshi Yamauchi and Jan Vitek",
  title     = "Engineering a Customizable Intermediate Representation",
  booktitle = "Workshop on Interpreters, Virtual Machines and
                  Emulators, (IVME)",
  year      =  2003,
  doi = {10.1145/858570.858578}  }

@techreport{ovmidiom,
  author = "C. Flack and T. Hosking and J. Vitek",
  title = "Idioms in {Ovm}",
  institution = "Purdue University Department of Computer Sciences",
  year = 2003,
  number = "CSD-TR-03-017",
  url = {https://www.cs.purdue.edu/homes/hosking/papers/idioms.pdf}
  }

@InProceedings{duggan.vitek:03,
   author =    "Tom Chothia and Dominic Duggan and Jan Vitek",
   title =     "Type-Based Distributed Access Control",
   booktitle = {Computer Security Foundations Workshop (CSFW)},
   year  =  2003,
   URL = "http://csdl.computer.org/comp/proceedings/csfw/2003/1927/00/19270170abs.htm",
}

@article{bryce02,
  author    = {Jan Vitek and
               Ciar{\'a}n Bryce and
               Manuel Oriol},
  title     = {Coordinating processes with secure spaces.},
  journal   = {Science of  Computer Programming},
  volume    = {46},
  number    = {1-2},
  year      = {2003},
  doi        = {10.1016/S0167-6423(02)00090-4}}

@article{SV-jcs,
   author =       {Peter Sewell and Jan Vitek},
   title =         {Secure Composition of Untrusted Code: Box-$\pi$,
         Wrappers and Causality Types},
   journal =      {Journal of Computer Security},
   year =         {2003},
   volume =       {11},
   number =       {2},
   doi =          {10.5555/859246.859248}}

@InProceedings{palacz.vitek02,
   author   = "Krzysztof Palacz and Grzegorz Czakowski and Laurent
                  Daynes and Jan Vitek",
   title    = "Incommunicado: Fast Communication for Isolates",
    booktitle =  OOPSLA,
  year = 	2002,
  doi = {10.1145/583854.582444}}

@InProceedings{czajkowski.vitek:2002:RMS,
  booktitle = {ECOOP Workshops},
  publisher = {Springer-Verlag},
  abstract  = "ECOOP Workshop Summary",
  author    = "Grzegorz Czajkowski and Jan Vitek",
  title     = "Resource Management for Safe Languages",
  year      = 2002,
  doi = {10.1007/3-540-36208-8_1}}

@InProceedings{grothoff.vitek:2001:EOC,
  author   =   "Christian Grothoff and Jens Palsberg and Jan Vitek",
  title    =   "Encapsulating objects with confined types",
  booktitle =  OOPSLA,
   year =       {2001},
   doi = {10.1145/504282.504300}}

@InProceedings{carbunar.vitek01,
  title =        "Lime Revisited",
  author =       "Bogdan C\u{a}rbunar and {Marco Tulio} Valente and
                  Jan Vitek",
  booktitle =    "International Conference on Mobile Agents (MA)",
  year =         "2001",
  doi = {10.1007/3-540-45647-3_5}}


@Article{Vitek-Bokowski01,
  author  = "Jan Vitek and Boris Bokowski",
  title   = "Confined types in {Java}",
  journal = "Software Practice \& Experience",
  volume  = 31,
  number  = 6,
  year    = 2001,
  doi = {10.1002/spe.369}}

@Article{BrV01,
 title = {The {JavaSeal} Mobile Agent Kernel},
 author = {Ciar\'an Bryce and Jan Vitek},
 journal = {Autonomous Agents and Multi-Agent Systems},
 volume = 4,
 number = 4,
 year = 2001,
 doi = {10.1023/A:1012715226170}}

@INPROCEEDINGS{sewell.vitek:csfw00,
  author   = "Peter Sewell and Jan Vitek",
  title    = "Secure Composition of Untrusted Code:
              Wrappers and Causality Types",
   booktitle = {Computer Security Foundations Workshop (CSFW)},
   year      =   2000,
   doi = {10.1109/CSFW.2000.856943}}

@InProceedings{vitek.castagna:jfla99,
 author    = "Jan Vitek and Giuseppe Castagna",
 title     = "Mobile Agents and Hostile Hosts",
 booktitle = "Proceedings of the 10th JFLA",
 month     = "January",
 year      = 1999}

@InProceedings{vitek.bryce99,
    author   =  "Jan Vitek and Ciar\'an Bryce",
    title    =  {The {JavaSeal} Mobile Agent Kernel},
    booktitle = "Proceedings of the 1st International Symposium on
                  Agent Systems and Applications / 3rd International
                  Symposium on Mobile Agents (ASA/MA)",
  year      = {1999},
  doi = {10.5555/520788.786413}}

@INPROCEEDINGS{sewell.vitek:csfw99,
    author =    {Peter Sewell and Jan Vitek},
    title =    "Secure Composition of Insecure Components",
    booktitle = {Computer Security Foundations Workshop (CSFW)},
   year =       {1999},
   doi = {10.5555/794199.795116}}


@InProceedings{bryce.oriol.vitek:coordination99,
  author =       "C. Bryce and M. Oriol and J. Vitek",
  title =        "{A Coordination Model for Agents Based on Secure
                  Spaces}",
  booktitle =    "Conference on Coordination Models and Languages
                  (COORDINATION)",
  year =         "1999",
  doi =          {10.1007/3-540-48919-3_3}}


@InProceedings{bokowski.vitek:oopsla99,
 author    = "Boris Bokowski and Jan Vitek",
 title     = "{Confined Types}",
 booktitle = OOPSLA,
 year      = 1999,
 url       = {https://courses.cs.washington.edu/courses/cse590p/00wi/confined-types.pdf}
}


@InProceedings{ViCa99,
     author =       "Jan Vitek and Giuseppe Castagna",
     title =      "Seal: A Framework for Secure Mobile Computations",
   booktitle = "Internet Programming Languages",
   year      = 1999,
   doi = {10.5555/645469.654920}}

@Book{VJ99,
     author =       "Jan Vitek and Christian {Jensen (Eds.)}",
     title =        "Secure Internet Programming: Security Issues for
                  Mobile and Distributed Objects",
     publisher =    "Springer Verlag",
     year =         "1999",
     doi = {10.1007/3-540-48749-2}}


@Techreport{vbb98,
    author = {Jan Vitek and Ciar\'an Bryce and Walter Binder},
    title =   "Designing {JavaSeal, or how to make Java} safe for agents",
    institution = "In {\emph{Electronic Commerce Objects}}, D.
                  Tsichritzis (Ed.), Centre Universitaire
                  d'Informatique, University of Geneva",
    month = jul,
    year =  1998}

@InProceedings{flex98,
  author =       "James Noble and John Potter and Jan Vitek",
  title =        "Flexible Alias Protection",
  booktitle =    ECOOP,
  year =         1998,
  doi =          {10.1007/BFb0054091}}

@InProceedings{bradley.horspool.vitek:cascon98,
 author     = {Quetzal Bradley and  R. Nigel Horspool and Jan Vitek},
 title      = {Jazz: Tailored Compression of {J}ava bytecode},
 booktitle  = {Proceedings of the IBM CASCON'98 Conference},
 year       = 1998,
 doi        = {10.1145/783160.783167}}


@Book{CTV98a,
   title =    {Workshop on Collaborative agents in Distributed Web
                  Applications},
   author =    {Paolo Ciancarini and Robert Tolksdorf and Jan {Vitek
                  (Eds.)}},
      address =    {MIT, Boston},
      year =       1998}

@Article{CTV98,
 title   = {Special issue on Distributed World Wide Web Processing:
                  Applications and Techniques},
 journal = {WWW Journal},
 author  = {Paolo Ciancarini and Robert Tolskdorf and Jan Vitek },
 year    = 1998}

@InProceedings{vitek.horspool:ecoop97,
  author =       "Andreas Krall and Jan Vitek and Nigel R. Horspool",
  title =        "Near Optimal Hierarchical Encoding of Types",
  booktitle =    ECOOP,
  year =         1997,
  doi =          {10.1007/BFb0053377}}

@InProceedings{vitek.horspool.krall:oopsla97,
  author =       "Jan Vitek and Nigel Horspool and Andreas Krall",
  title =        "Efficient Type Inclusion Tests",
  booktitle =    OOPSLA,
  year =         1997,
  doi =          {10.1145/263700.263730}}

@InProceedings{vitek.97a,
  author =       "Andreas Krall and Jan Vitek",
  title =        "On Extending Java",
  booktitle =    "Proceedings of the Joint Modular Languages Conference,
                 JMLC'97",
  year =         1997,
  doi =          {10.1007/3-540-62599-2_49}}


@InProceedings{v97,
   author    = "Jan Vitek",
   title     = "New Paradigms in distributed computing",
   booktitle = "Proceedings of the European Research Seminar in Advanced
                Distributed Systems (ERSADS)",
   year      = 1997}

@InProceedings{Vite97a,
     author =    "Jan Vitek and Manuel Serrano and Dimitris Thanos",
     title =      "Security and Communication in Mobile Object Systems",
   booktitle =   {Mobile Object Systems: Towards the Programmable
                  Internet},
   year =            {1997},
   doi = {10.1007/3-540-62852-5_14} }

@Book{IB-D973045,
     author =       "Jan Vitek and Christian {Tschudin (Eds.)}",
     title =        "Mobile Objects Systems",
     publisher =    "Springer Verlag",
     address =      "Berlin",
     year =         {1997},
     ISBN =         "3-540-62852-5" }

@InProceedings{vitek.ICCC:1996,
  title =        "Compact Dispatch Tables for Dynamically Typed Object
                  Oriented Languages",
  author =       "Jan Vitek and R. Nigel Horspool",
  booktitle =    "Conference on Compiler Construction (CC)",
  year =         "1996",
  doi =          {10.5555/647473.727462}}

@TechReport{kmv96,
    author = "Dimitri Konstantas and  Jean-Henri Morin and Jan Vitek",
    title = "{MEDIA}: A platform for the commercialization of
                  electronic documents",
    institution ={In \emph{Object Applications}, D. Tsichritzis (Ed.),
           Centre Universitaire d'Informatique, University of Geneva},
    year  = 1996}

@Book{VT96,
    title =        {Proceedings of the 1996 Mobile Object Systems
                  Workshop},
    author =       {Jan Vitek and Christian {Tschudin (Eds.)}},
    publisher =    {dpunkt Verlag},
    year =         {1996},
    doi =          {10.5555/648087}}

@InProceedings{vitek.ECOOP:1995,
  title =        "Message Dispatch on Pipelined Processors",
  author =       "Karel Driesen and Urs H{\"o}lzle and Jan Vitek",
  booktitle =    ECOOP,
  year =         "1995",
  doi =          {10.1007/3-540-49538-X_13}}

@InProceedings{vitek.ECOOP:1994,
  title =        "Taming Message Passing: Efficient Method Look-Up for
                 Dynamically Typed Languages",
  author =       "Jan Vitek and R. Nigel Horspool",
  booktitle =    ECOOP,
  year =         "1994",
  doi =          {10.1007/BFb0052195}}


@InProceedings{vitek:1992:CAO,
  author =       "Jan Vitek and R. Nigel Horspool and James S. Uhl",
  title =        "Compile-Time Analysis of Object-Oriented Programs",
 booktitle =	"Conference on Compiler Construction (CC)",
  year = 	"1992",
  doi =         {10.1007/3-540-55984-1_22}}

@InProceedings{vitek.horspool:1992:SAP,
  author =       "R. Nigel Horspool and Jan Vitek",
  title =        "Static analysis of {Postscript} code",
  booktitle =    "International Conference on Computer Languages
                  (ICCL)",
  year =         1992,
  doi =          {10.1109/ICCL.1992.185464}}
